
@misc{luisfelipewb-repo,
    author       = {Batista, L.F.W.},
    title        = {{Project: Where Am I?}},
    month        = may,
    year         = 2019,
    doi          = {10.5281/zenodo.15991},
    version      = {1.0},
    publisher    = {GitHub},
    journal      = {GitHub repository},
    url          = {https://github.com/luisfelipewb/RoboND-Localization-Project}
}


@article{thrunpr,
 author = {Thrun, Sebastian},
 title = {Probabilistic Robotics},
 journal = {Commun. ACM},
 issue_date = {March 2002},
 volume = {45},
 number = {3},
 month = mar,
 year = {2002},
 issn = {0001-0782},
 numpages = {6},
 url = {http://doi.acm.org/10.1145/504729.504754},
 doi = {10.1145/504729.504754},
 acmid = {504754},
 publisher = {ACM},
 address = {New York, NY, USA},
} 


@inbook{localization,
author = {Huang, Shoudong and Dissanayake, Gamini},
isbn = {9780471346081},
title = {Robot Localization: An Introduction},
booktitle = {Wiley Encyclopedia of Electrical and Electronics Engineering},
chapter = {},
pages = {1-10},
doi = {10.1002/047134608X.W8318},
url = {https://onlinelibrary.wiley.com/doi/abs/10.1002/047134608X.W8318},
eprint = {https://onlinelibrary.wiley.com/doi/pdf/10.1002/047134608X.W8318},
year = {2016},
keywords = {Kalman filter, least squares, localization, Markov localization, mobile robots, particle filter}
}

@ARTICLE{ekf, 
author={S. J. {Julier} and J. K. {Uhlmann}}, 
journal={Proceedings of the IEEE}, 
title={Unscented filtering and nonlinear estimation}, 
year={2004}, 
volume={92}, 
number={3}, 
pages={401-422}, 
keywords={nonlinear estimation;covariance analysis;nonlinear systems;filtering theory;Kalman filters;nonlinear filters;unscented filtering;extended Kalman filter;nonlinear systems;unscented transformation;nonlinear transformations;nonlinear estimation;EKF;Filtering;Nonlinear systems;Target tracking;Control systems;Particle tracking;Kalman filters;Vehicles;Navigation;Chemical processes;Nonlinear control systems}, 
doi={10.1109/JPROC.2003.823141}, 
ISSN={0018-9219}, 
month={March},}